@Article{Savarysurvey2009,
  Title                    = {A survey portfolio to characterize yield-reducing factors in rice},
  Author                   = {Savary, S and Castilla, N.P},
  Journal                  = {{IRRI Discussion Paper No 18}},
  Year                     = {2009},

  Page                     = {{32}}
}