@article{Catling_1987_Assessing,
  title = {{Assessing yield losses in deepwater rice due to yellow stem borer, Scirpophaga incertulas (Walker), in Bangladesh and Thailand}},
  author = {Catling, HD and Islam, Z and Pattrasudhi, R},
  journal = {Crop protection},
  volume = {6},
  number = {1},
  pages = {20--27},
  year = {1987},
  publisher = {Elsevier},
}


@article{Alexandratos_2012_World,
  title = {{World agriculture towards 2030/2050: the 2012 revision}},
  author = {Alexandratos, Nikos and Bruinsma, Jelle and others},
  journal = {ESA Work. Pap},
  volume = {3},
  year = {2012},
}


@article{OECD_2012_Agricultural,
  doi = {10.1108/meq.2013.08324aaa.009},
  url = {http://dx.doi.org/10.1108/meq.2013.08324aaa.009},
  year = {2012},
  month = {dec},
  publisher = {Emerald},
  volume = {24},
  number = {1},
  author={OECD/FAO},
  title = {{{OECD} and {FAO} Report {\textendash} Agricultural Outlook 2012-2021}},
  journal = {Management of Env Quality},
}


@article{Oerke_2005_Crop,
  doi = {10.1017/s0021859605005708},
  url = {http://dx.doi.org/10.1017/s0021859605005708},
  year = {2005},
  month = {dec},
  publisher = {Cambridge University Press ({CUP})},
  volume = {144},
  number = {01},
  pages = {31},
  author = {E. C. Oerke},
  title = {{Crop losses to pests}},
  journal = {J. Agric. Sci.},
}


@article{Willocquet_2004_Research,
  doi = {10.1094/phyto.2004.94.7.672},
  url = {http://dx.doi.org/10.1094/phyto.2004.94.7.672},
  year = {2004},
  month = {jul},
  publisher = {Scientific Societies},
  volume = {94},
  number = {7},
  pages = {672--682},
  author = {Laetitia Willocquet and Francisco A. Elazegui and Nancy Castilla and Luzviminda Fernandez and Kenneth S. Fischer and ShaoBing Peng and Paul S. Teng and R. K. Srivastava and H. M. Singh and Defeng Zhu and Serge Savary},
  title = {{Research Priorities for Rice Pest Management in Tropical Asia: A Simulation Analysis of Yield Losses and Management Efficiencies}},
  journal = {Phytopathology},
}


@article{Savary_2000_Quantification,
  doi = {10.1094/pdis.2000.84.3.357},
  url = {http://dx.doi.org/10.1094/pdis.2000.84.3.357},
  year = {2000},
  month = {mar},
  publisher = {Scientific Societies},
  volume = {84},
  number = {3},
  pages = {357--369},
  author = {Serge Savary and Laetitia Willocquet and Francisco A. Elazegui and Nancy P. Castilla and Paul S. Teng},
  title = {{Rice Pest Constraints in Tropical Asia: Quantification of Yield Losses Due to Rice Pests in a Range of Production Situations}},
  journal = {Plant Disease},
}


@article{Mutert_2002_Developments,
  title = {{Developments in rice production in Southeast Asia}},
  author = {Mutert, Ernst and Fairhurst, TH},
  journal = {Better Crops International},
  volume = {15},
  pages = {12--17},
  year = {2002},
}
